@book{routledge, 
  place={London}, 
  title={Routledge Encyclopedia of Translation Technology}, 
  publisher={Routledge, Taylor \& amp; Francis Group}, 
  author={Chan, Sin-wai}, 
  year={2015}
}

@article{deep-nmt-survey,
  title     ={A survey of deep learning techniques for neural machine translation},
  author    ={Yang, Shuoheng and Wang, Yuxin and Chu, Xiaowen},
  journal   ={arXiv preprint arXiv:2002.07526},
  year      ={2020}
}

@book{hybrid-mt,
	address = {Cham},
	series = {Theory and {Applications} of {Natural} {Language} {Processing}},
	title = {Hybrid {Approaches} to {Machine} {Translation}},
	isbn = {9783319213101 9783319213118},
	url = {http://link.springer.com/10.1007/978-3-319-21311-8},
	language = {en},
	urldate = {2022-10-11},
	publisher = {Springer International Publishing},
	editor = {Costa-jussà, Marta R. and Rapp, Reinhard and Lambert, Patrik and Eberle, Kurt and Banchs, Rafael E. and Babych, Bogdan},
	year = {2016},
	doi = {10.1007/978-3-319-21311-8},
}

% [BHCLM18] Frédérique Brin-Henry, Catherine Courrier, Emmanuelle Lederlé, and Véronique
% Masy. Dictionnaire d'orthophonie. Ortho-édition, 2018.
% [CGLB10] Sophie Chomel-Guillaume, Gilles Leloup, and Isabelle Bernard. Les aphasies. Eval-
% uation et rééducation, 2010.
% [CLLM20] Kevin Clark, Minh-Thang Luong, Quoc V Le, and Christopher D Manning. Electra:
% Pre-training text encoders as discriminators rather than generators. arXiv preprint
% arXiv:2003.10555, 2020.
% [DCLT18] Jacob Devlin, Ming-Wei Chang, Kenton Lee, and Kristina Toutanova. Bert: Pre-
% training of deep bidirectional transformers for language understanding. arXiv preprint
% arXiv:1810.04805, 2018.
% [dPGT+12] Christine de Peretti, Olivier Grimaud, Philippe Tuppin, Francis Chin, and France
% Woimant. Prévalence des accidents vasculaires cérébraux et de leurs séquelles
% et impact sur les activités de la vie quotidienne: apports des enquêtes déclara-
% tives handicap-santé-ménages et handicap-santé-institution. Prévalence, 10(1):1-6,
% 2012.
% [GPAM+14] Ian Goodfellow, Jean Pouget-Abadie, Mehdi Mirza, Bing Xu, David Warde-Farley,
% Sherjil Ozair, Aaron Courville, and Yoshua Bengio. Generative adversarial nets. In
% Z. Ghahramani, M. Welling, C. Cortes, N. Lawrence, and K. Q. Weinberger, editors,
% Advances in Neural Information Processing Systems, volume 27. Curran Associates,
% Inc., 2014.
% [MKB+10] Tomáš Mikolov, Martin Karafiát, Lukáš Burget, Jan Cernock ˇ y, and Sanjeev Khudan- `
% pur. Recurrent neural network based language model. In Eleventh annual conference
% of the international speech communication association, 2010.
% [PSM14] Jeffrey Pennington, Richard Socher, and Christopher D Manning. Glove: Global
% vectors for word representation. In Proceedings of the 2014 conference on empirical
% methods in natural language processing (EMNLP), pages 1532-1543, 2014.
% [SLP22] Kamel Smaïli, David Langlois, and Peter Pribil. Language rehabilitation of people
% with BROCA aphasia using deep neural machine translation. In Fifth International
% Conference on Computational Linguistics in Bulgaria, Sofia, Bulgaria, September
% 2022.
% [WWC+19] Bin Wang, Angela Wang, Fenxiao Chen, Yuncheng Wang, and C.-C. Jay Kuo. Eval-
% uating word embedding models: methods and experimental results. APSIPA Trans-
% actions on Signal and Information Processing, 8:e19, 2019.